<record><leader>00000cas a22000007a 4500</leader><controlfield tag="001">25146386</controlfield><controlfield tag="008">920122d18uu18uuncuwr ne      0    0eng d</controlfield><datafield ind1=" " ind2=" " tag="010"><subfield code="a">sn 92073920 </subfield></datafield><datafield ind1=" " ind2=" " tag="040"><subfield code="a">NVJ</subfield><subfield code="b">eng</subfield><subfield code="c">NVJ</subfield><subfield code="d">OCLCQ</subfield></datafield><datafield ind1=" " ind2=" " tag="042"><subfield code="a">msc</subfield></datafield><datafield ind1="0" ind2="0" tag="245"><subfield code="a">Our rights.</subfield></datafield><datafield ind1=" " ind2=" " tag="260"><subfield code="a">Wilmington, N.C. :</subfield><subfield code="b">New Hanover County Prohibition Society</subfield></datafield><datafield ind1=" " ind2=" " tag="300"><subfield code="a">v.</subfield></datafield><datafield ind1=" " ind2=" " tag="310"><subfield code="a">Weekly</subfield></datafield><datafield ind1=" " ind2=" " tag="500"><subfield code="a">Issues lack vol. and no. designation.</subfield></datafield><datafield ind1=" " ind2=" " tag="588"><subfield code="a">Description based on: June 24, 1881.</subfield></datafield><datafield ind1=" " ind2=" " tag="752"><subfield code="a">United States</subfield><subfield code="b">North Carolina</subfield><subfield code="c">New Hanover</subfield><subfield code="d">Wilmington.</subfield></datafield></record>